% This file was created with JabRef 2.10.
% Encoding: UTF-8


@Article{agon,
  Title                    = {My fyu book},
  Author                   = {Carlos Agon},
  Journal                  = {The American Naturalist},
  Year                     = {2001},

  Owner                    = {test33},
  Timestamp                = {2015.04.24}
}

@TechReport{Conradi1995,
  Title                    = {Version Models for Software Configuration Management},
  Author                   = {Reidar Conradi and Bernhard Westfechtel},
  Institution              = {ACM Computing Surveys},
  Year                     = {1995},

  Owner                    = {test33},
  Timestamp                = {2015.04.24}
}

@Misc{gecode,
  author = "{Gecode Team}",
  title = "Gecode: Generic Constraint Development Environment",
  year = {2006},
  note = {Available from \texttt{http://www.gecode.org}},
}

@Misc{asgl,
  author = "Kilian Sprotte",
  title = "ASGL: Argumentation Semantics in Gecode and Lisp",
  year = {2015},
  note = {Available from \texttt{https://github.com/kisp/asgl}},
}

@Misc{ecl,
  author = "Daniel Kochma\'nski, Juan Jose Garcia-Ripoll",
  title = "ECL: Embeddable Common-Lisp",
  year = {2001},
  note = {Available from \texttt{http://ecls.sourceforge.net}},
}
